<record xmlns='http://www.loc.gov/MARC21/slim'><leader>01712ckd a2200349 a 4500</leader><controlfield tag='001'>2076183</controlfield><controlfield tag='005'>20191203165742.0</controlfield><controlfield tag='008'>021004s1978    xx nnn            ineng d</controlfield><datafield ind1='1' ind2=' ' tag='019'><subfield code='a'>24131808</subfield></datafield><datafield ind1=' ' ind2=' ' tag='035'><subfield code='9'>(AuCNLDY)3316056</subfield></datafield><datafield ind1=' ' ind2=' ' tag='035'><subfield code='a'>2076183</subfield></datafield><datafield ind1=' ' ind2=' ' tag='040'><subfield code='a'>ANL</subfield><subfield code='b'>eng</subfield><subfield code='d'>ANL</subfield></datafield><datafield ind1=' ' ind2=' ' tag='042'><subfield code='a'>anuc</subfield></datafield><datafield ind1=' ' ind2=' ' tag='043'><subfield code='a'>u-at-we</subfield></datafield><datafield ind1='1' ind2=' ' tag='100'><subfield code='a'>Smith, Stephen,</subfield><subfield code='d'>1954-</subfield></datafield><datafield ind1='1' ind2='0' tag='245'><subfield code='a'>Aboriginal tent occupation of Herisson [i.e. Heirisson] Island, view from the Causeway, Victoria Park, Western Australia, 1978</subfield><subfield code='h'>[picture] /</subfield><subfield code='c'>Stephen Smith.</subfield></datafield><datafield ind1=' ' ind2=' ' tag='260'><subfield code='c'>2002.</subfield></datafield><datafield ind1=' ' ind2=' ' tag='300'><subfield code='a'>1 photograph :</subfield><subfield code='b'>gelatin silver ;</subfield><subfield code='c'>image 18.4 x 27.2 cm., sheet 30.3 x 40.4 cm.</subfield></datafield><datafield ind1=' ' ind2=' ' tag='500'><subfield code='a'>Condition: Good.</subfield></datafield><datafield ind1=' ' ind2=' ' tag='500'><subfield code='a'>Title supplied by artist, see acquisition file number 240/20/00074.</subfield></datafield><datafield ind1=' ' ind2=' ' tag='500'><subfield code='a'>Part of the collection of photographs of the Aboriginal tent occupation of Heirisson Island, Western Australia in 1978. Photographs taken by Stephen Smith.</subfield></datafield><datafield ind1=' ' ind2=' ' tag='500'><subfield code='a'>Photograph signed by artist in pencil on verso.</subfield></datafield><datafield ind1=' ' ind2=' ' tag='530'><subfield code='a'>Also available online</subfield><subfield code='u'>http://nla.gov.au/nla.obj-146963533</subfield></datafield><datafield ind1=' ' ind2=' ' tag='540'><subfield code='a'>Copyright restrictions apply.</subfield></datafield><datafield ind1=' ' ind2='0' tag='650'><subfield code='a'>Aboriginal Australians</subfield><subfield code='x'>Land tenure</subfield><subfield code='z'>Western Australia</subfield><subfield code='v'>Photographs.</subfield></datafield><datafield ind1=' ' ind2='0' tag='650'><subfield code='a'>Aboriginal Australians</subfield><subfield code='x'>Politics and government</subfield><subfield code='v'>Photographs.</subfield></datafield><datafield ind1=' ' ind2='0' tag='650'><subfield code='a'>Protest movements</subfield><subfield code='z'>Australia</subfield><subfield code='v'>Photographs.</subfield></datafield><datafield ind1=' ' ind2='0' tag='651'><subfield code='a'>Heirisson Island (W.A.)</subfield><subfield code='v'>Photographs.</subfield></datafield><datafield ind1='0' ind2=' ' tag='773'><subfield code='i'>In collection:</subfield><subfield code='t'>Land Rights camp at Heirisson Island, Western Australia, 1978</subfield><subfield code='w'>(AKIN)23783872</subfield></datafield><datafield ind1=' ' ind2='0' tag='830'><subfield code='a'>Land Rights camp at Heirisson Island, Western Australia, 1978.</subfield></datafield><datafield ind1='4' ind2='1' tag='856'><subfield code='z'>National Library of Australia digitised item</subfield><subfield code='u'>http://nla.gov.au/nla.obj-146963533</subfield><subfield code='x'>fulltext</subfield></datafield><datafield ind1=' ' ind2=' ' tag='984'><subfield code='a'>ANL</subfield><subfield code='c'>PIC/7601/1 LOC Drawer PIC/7601</subfield></datafield></record>